%YAML 1.1
%TAG !u! tag:unity3d.com,2011:
--- !u!1 &837190256608505966
GameObject:
  m_ObjectHideFlags: 0
  m_CorrespondingSourceObject: {fileID: 0}
  m_PrefabInstance: {fileID: 0}
  m_PrefabAsset: {fileID: 0}
  serializedVersion: 6
  m_Component:
  - component: {fileID: 968890207532806825}
  - component: {fileID: 5059277895759833612}
  - component: {fileID: 5559895365423329539}
  - component: {fileID: 837190256608505963}
  - component: {fileID: 837190256608505960}
  - component: {fileID: 837190256608505961}
  m_Layer: 0
  m_Name: TNT
  m_TagString: Untagged
  m_Icon: {fileID: 0}
  m_NavMeshLayer: 0
  m_StaticEditorFlags: 0
  m_IsActive: 1
--- !u!4 &968890207532806825
Transform:
  m_ObjectHideFlags: 0
  m_CorrespondingSourceObject: {fileID: 0}
  m_PrefabInstance: {fileID: 0}
  m_PrefabAsset: {fileID: 0}
  m_GameObject: {fileID: 837190256608505966}
  m_LocalRotation: {x: -0, y: -0, z: -0, w: 1}
  m_LocalPosition: {x: 55.7, y: -7.9, z: 103.8}
  m_LocalScale: {x: 0.011330569, y: 0.011330569, z: 0.011330569}
  m_Children: []
  m_Father: {fileID: 0}
  m_RootOrder: 0
  m_LocalEulerAnglesHint: {x: 0, y: 0, z: 0}
--- !u!33 &5059277895759833612
MeshFilter:
  m_ObjectHideFlags: 0
  m_CorrespondingSourceObject: {fileID: 0}
  m_PrefabInstance: {fileID: 0}
  m_PrefabAsset: {fileID: 0}
  m_GameObject: {fileID: 837190256608505966}
  m_Mesh: {fileID: -7936311608296776619, guid: 37108565665ab6749b1c1ca6093859c2, type: 3}
--- !u!23 &5559895365423329539
MeshRenderer:
  m_ObjectHideFlags: 0
  m_CorrespondingSourceObject: {fileID: 0}
  m_PrefabInstance: {fileID: 0}
  m_PrefabAsset: {fileID: 0}
  m_GameObject: {fileID: 837190256608505966}
  m_Enabled: 1
  m_CastShadows: 1
  m_ReceiveShadows: 1
  m_DynamicOccludee: 1
  m_MotionVectors: 1
  m_LightProbeUsage: 1
  m_ReflectionProbeUsage: 1
  m_RayTracingMode: 2
  m_RenderingLayerMask: 1
  m_RendererPriority: 0
  m_Materials:
  - {fileID: 2100000, guid: 7ba00d252eded1143b9f53b81e30159b, type: 2}
  m_StaticBatchInfo:
    firstSubMesh: 0
    subMeshCount: 0
  m_StaticBatchRoot: {fileID: 0}
  m_ProbeAnchor: {fileID: 0}
  m_LightProbeVolumeOverride: {fileID: 0}
  m_ScaleInLightmap: 1
  m_ReceiveGI: 1
  m_PreserveUVs: 0
  m_IgnoreNormalsForChartDetection: 0
  m_ImportantGI: 0
  m_StitchLightmapSeams: 1
  m_SelectedEditorRenderState: 3
  m_MinimumChartSize: 4
  m_AutoUVMaxDistance: 0.5
  m_AutoUVMaxAngle: 89
  m_LightmapParameters: {fileID: 0}
  m_SortingLayerID: 0
  m_SortingLayer: 0
  m_SortingOrder: 0
--- !u!54 &837190256608505963
Rigidbody:
  m_ObjectHideFlags: 0
  m_CorrespondingSourceObject: {fileID: 0}
  m_PrefabInstance: {fileID: 0}
  m_PrefabAsset: {fileID: 0}
  m_GameObject: {fileID: 837190256608505966}
  serializedVersion: 2
  m_Mass: 1
  m_Drag: 0
  m_AngularDrag: 0.05
  m_UseGravity: 0
  m_IsKinematic: 1
  m_Interpolate: 0
  m_Constraints: 0
  m_CollisionDetection: 0
--- !u!114 &837190256608505960
MonoBehaviour:
  m_ObjectHideFlags: 0
  m_CorrespondingSourceObject: {fileID: 0}
  m_PrefabInstance: {fileID: 0}
  m_PrefabAsset: {fileID: 0}
  m_GameObject: {fileID: 837190256608505966}
  m_Enabled: 1
  m_EditorHideFlags: 0
  m_Script: {fileID: 11500000, guid: 5bf7067d71622fd4cb5d64f7a5902910, type: 3}
  m_Name: 
  m_EditorClassIdentifier: 
  groundMask:
    serializedVersion: 2
    m_Bits: 1
  groundCheckDistance: 1.5
  launchHeight: 0
  startSpeed: 0
  targetSpeed: 0
  inheritKartSpeed: 1
  maintainKartSpeed: 1
  accel: 0
  moveInAir: 1
  gravityAdd: -10
  forwardFriction: 20
  sideFriction: 20
  maxFallSpeed: 30
  wallBounceReflect: 1
  itemBounceReflect: 1
  bounceReflectForce: 0.5
  maxBounces: 3
  destroyOnWallHit: 1
  destroyOnItemHit: 1
  wallCollisionProps:
    wallDetectionType: 0
    wallDotLimit: 0.5
    wallMask:
      serializedVersion: 2
      m_Bits: 1024
    wallTag: Walls
  casterIgnoreTime: 0.5
  canHitCaster: 1
  fetchKartsDuringSpawn: 0
  homingAccuracy: 0
  prioritizeKartsInFront: 0
  minHomingAngle: 0
  maxHomingDist: 0
  useLineOfSight: 0
  lineOfSightMask:
    serializedVersion: 2
    m_Bits: 0
  findTargetWhileActive: 0
  kartSpin: 0
  kartSpinCount: 2
  collideEvent:
    m_PersistentCalls:
      m_Calls: []
  destroyEvent:
    m_PersistentCalls:
      m_Calls: []
  isBoostRing: 0
--- !u!65 &837190256608505961
BoxCollider:
  m_ObjectHideFlags: 0
  m_CorrespondingSourceObject: {fileID: 0}
  m_PrefabInstance: {fileID: 0}
  m_PrefabAsset: {fileID: 0}
  m_GameObject: {fileID: 837190256608505966}
  m_Material: {fileID: 0}
  m_IsTrigger: 0
  m_Enabled: 0
  serializedVersion: 2
  m_Size: {x: 199.62827, y: 204.58302, z: 194.7994}
  m_Center: {x: -4.5802836, y: 110.19277, z: 3.8085592}
